@book {NN&DL2015,
    author = "Michael A. Nielsen",
    title = "Neural Networks and Deep Learning",
    year = "2015",
    publisher = "Determination Press"
}

@misc{gans2014,
    title={Generative Adversarial Networks}, 
    author={Ian J. Goodfellow and Jean Pouget-Abadie and Mehdi Mirza and Bing Xu and David Warde-Farley and Sherjil Ozair and Aaron Courville and Yoshua Bengio},
    year={2014},
    eprint={1406.2661},
    archivePrefix={arXiv},
    primaryClass={stat.ML}
}

@misc{dropout2012,
    title={Improving neural networks by preventing co-adaptation of feature detectors}, 
    author={Geoffrey E. Hinton and Nitish Srivastava and Alex Krizhevsky and Ilya Sutskever and Ruslan R. Salakhutdinov},
    year={2012},
    eprint={1207.0580},
    archivePrefix={arXiv},
    primaryClass={cs.NE}
}

@misc{guide_conv2018,
    title={A guide to convolution arithmetic for deep learning}, 
    author={Vincent Dumoulin and Francesco Visin},
    year={2018},
    eprint={1603.07285},
    archivePrefix={arXiv},
    primaryClass={stat.ML}
}
@misc{adam2017,
    title={Adam: A Method for Stochastic Optimization}, 
    author={Diederik P. Kingma and Jimmy Ba},
    year={2017},
    eprint={1412.6980},
    archivePrefix={arXiv},
    primaryClass={cs.LG}
}

@misc{nipsGAN2017,
    title={NIPS 2016 Tutorial: Generative Adversarial Networks}, 
    author={Ian Goodfellow},
    year={2017},
    eprint={1701.00160},
    archivePrefix={arXiv},
    primaryClass={cs.LG}
}

@misc{wasserstein2017,
    title={Wasserstein GAN}, 
    author={Martin Arjovsky and Soumith Chintala and LÃ©on Bottou},
    year={2017},
    eprint={1701.07875},
    archivePrefix={arXiv},
    primaryClass={stat.ML}
}

@article{alexnet2012,
    title={Imagenet classification with deep convolutional neural networks},
    author={Krizhevsky, Alex and Sutskever, Ilya and Hinton, Geoffrey E},
    journal={Advances in neural information processing systems},
    volume={25},
    pages={1097--1105},
    year={2012}
}

@article{mnist1998,
    title={Gradient-based learning applied to document recognition},
    author={LeCun, Yann and Bottou, L{\'e}on and Bengio, Yoshua and Haffner, Patrick},
    journal={Proceedings of the IEEE},
    volume={86},
    number={11},
    pages={2278--2324},
    year={1998},
    publisher={Ieee}
}

@inproceedings{celebA2015,
    title = {Deep Learning Face Attributes in the Wild},
    author = {Liu, Ziwei and Luo, Ping and Wang, Xiaogang and Tang, Xiaoou},
    booktitle = {Proceedings of International Conference on Computer Vision (ICCV)},
    month = {12},
    year = {2015} 
}

@misc{conditionalGAN2014,
    title={Conditional Generative Adversarial Nets}, 
    author={Mehdi Mirza and Simon Osindero},
    year={2014},
    eprint={1411.1784},
    archivePrefix={arXiv},
    primaryClass={cs.LG}
}

@online{fashionMNIST2017,
    author       = {Han Xiao and Kashif Rasul and Roland Vollgraf},
    title        = {Fashion-MNIST: a Novel Image Dataset for Benchmarking Machine Learning Algorithms},
    date         = {2017-08-28},
    year         = {2017},
    eprintclass  = {cs.LG},
    eprinttype   = {arXiv},
    eprint       = {cs.LG/1708.07747}
}

@InProceedings{mnistSOTA2013,
    title = {Regularization of Neural Networks using DropConnect},
    author = {Li Wan and Matthew Zeiler and Sixin Zhang and Yann Le Cun and Rob Fergus},
    booktitle = {Proceedings of the 30th International Conference on Machine Learning},
    pages = {1058--1066}, volume = {28}, number = {3},
    year = {2013}, month = {6}, publisher = {PMLR},
    editor = {Sanjoy Dasgupta and David McAllester},
    series = {Proceedings of Machine Learning Research},
    address = {Atlanta, Georgia, USA},
    pdf = {http://proceedings.mlr.press/v28/wan13.pdf},
    url = {http://proceedings.mlr.press/v28/wan13.html},
}

@article{batchnorm2015,
    author = {Sergey Ioffe and Christian Szegedy},
    title = {Batch Normalization: Accelerating Deep Network Training by Reducing Internal Covariate Shift},
    journal = {CoRR},
    volume = {abs/1502.03167},
    year = {2015},
    url = {http://arxiv.org/abs/1502.03167},
    archivePrefix = {arXiv},
    eprint = {1502.03167},
    timestamp = {Mon, 13 Aug 2018 16:47:06 +0200},
    biburl = {https://dblp.org/rec/journals/corr/IoffeS15.bib},
    bibsource = {dblp computer science bibliography, https://dblp.org}
}

@article{cifar2009,
    title={Learning multiple layers of features from tiny images},
    author={Krizhevsky, Alex and Hinton, Geoffrey and others},
    year={2009},
    publisher={Citeseer}
}

@book{deepLearningBook2016,
    title={Deep Learning},
    author={Ian Goodfellow and Yoshua Bengio and Aaron Courville},
    publisher={MIT Press},
    note={\url{http://www.deeplearningbook.org}},
    year={2016}
}

@book{machineLearning1997,
    added-at = {2017-05-08T14:37:30.000+0200},
    address = {New York},
    author = {Mitchell, Tom M.},
    biburl = {https://www.bibsonomy.org/bibtex/23e79734ee1a6e49aee02ffd108224d1c/flint63},
    file = {eBook:1900-99/Mitchell97.pdf:PDF;McGraw-Hill Product page:http\://www.mhprofessional.com/product.php?isbn=0070428077:URL;Amazon Search inside:http\://www.amazon.de/gp/reader/0070428077/:URL},
    groups = {public},
    interhash = {479a66c32badb3a455fbdcf8e6633a5d},
    intrahash = {3e79734ee1a6e49aee02ffd108224d1c},
    isbn = {978-0-07-042807-2},
    keywords = {01624 105 book shelf ai learn algorithm},
    publisher = {McGraw-Hill},
    timestamp = {2017-07-13T17:10:10.000+0200},
    title = {Machine Learning},
    username = {flint63},
    year = 1997
}


@article{alphaZero2017,
    author    = {
        David Silver and Thomas Hubert and Julian Schrittwieser and Ioannis Antonoglou and
        Matthew Lai and Arthur Guez and Marc Lanctot and Laurent Sifre and Dharshan Kumaran and
        Thore Graepel and Timothy P. Lillicrap and Karen Simonyan and Demis Hassabis
    },
    title     = {Mastering Chess and Shogi by Self-Play with a General Reinforcement Learning Algorithm},
    journal   = {CoRR},
    volume    = {abs/1712.01815},
    year      = {2017},
    url       = {http://arxiv.org/abs/1712.01815},
    archivePrefix = {arXiv},
    eprint    = {1712.01815},
    timestamp = {Mon, 13 Aug 2018 16:46:01 +0200},
    biburl    = {https://dblp.org/rec/journals/corr/abs-1712-01815.bib},
    bibsource = {dblp computer science bibliography, https://dblp.org}
}

@article{alphaGo2016,
    title={Mastering the game of Go with deep neural networks and tree search},
    author={Silver, David and Huang, Aja and Maddison, Chris J and Guez, Arthur and Sifre, Laurent and Van Den Driessche, George and Schrittwieser, Julian and Antonoglou, Ioannis and Panneershelvam, Veda and Lanctot, Marc and others},
    journal={nature},
    volume={529},
    number={7587},
    pages={484--489},
    year={2016},
    publisher={Nature Publishing Group}
}

@article{colorization2016,
    author    = {Richard Zhang and Phillip Isola and Alexei A. Efros},
    title     = {Colorful Image Colorization},
    journal   = {CoRR},
    volume    = {abs/1603.08511},
    year      = {2016},
    url       = {http://arxiv.org/abs/1603.08511},
    archivePrefix = {arXiv},
    eprint    = {1603.08511},
    timestamp = {Wed, 14 Aug 2019 08:23:33 +0200},
    biburl    = {https://dblp.org/rec/journals/corr/ZhangIE16.bib},
    bibsource = {dblp computer science bibliography, https://dblp.org}
}

@article{ganSuperResolution2016,
    author    = {Christian Ledig and Lucas Theis and Ferenc Huszar and Jose Caballero and Andrew P. Aitken and Alykhan Tejani and Johannes Totz and Zehan Wang and Wenzhe Shi},
    title     = {Photo-Realistic Single Image Super-Resolution Using a Generative Adversarial Network},
    journal   = {CoRR},
    volume    = {abs/1609.04802},
    year      = {2016},
    url       = {http://arxiv.org/abs/1609.04802},
    archivePrefix = {arXiv},
    eprint    = {1609.04802},
    timestamp = {Mon, 13 Aug 2018 16:48:38 +0200},
    biburl    = {https://dblp.org/rec/journals/corr/LedigTHCATTWS16.bib},
    bibsource = {dblp computer science bibliography, https://dblp.org}
}

@article{imageNet2015,
    Author = {Olga Russakovsky and Jia Deng and Hao Su and Jonathan Krause and Sanjeev Satheesh and Sean Ma and Zhiheng Huang and Andrej Karpathy and Aditya Khosla and Michael Bernstein and Alexander C. Berg and Li Fei-Fei},
    Title = {{ImageNet Large Scale Visual Recognition Challenge}},
    Year = {2015},
    journal   = {International Journal of Computer Vision (IJCV)},
    doi = {10.1007/s11263-015-0816-y},
    volume={115},
    number={3},
    pages={211-252}
}

@misc{gpt3_2020,
    title={Language Models are Few-Shot Learners}, 
    author={Tom B. Brown and Benjamin Mann and Nick Ryder and Melanie Subbiah and Jared Kaplan and Prafulla Dhariwal and Arvind Neelakantan and Pranav Shyam and Girish Sastry and Amanda Askell and Sandhini Agarwal and Ariel Herbert-Voss and Gretchen Krueger and Tom Henighan and Rewon Child and Aditya Ramesh and Daniel M. Ziegler and Jeffrey Wu and Clemens Winter and Christopher Hesse and Mark Chen and Eric Sigler and Mateusz Litwin and Scott Gray and Benjamin Chess and Jack Clark and Christopher Berner and Sam McCandlish and Alec Radford and Ilya Sutskever and Dario Amodei},
    year={2020},
    eprint={2005.14165},
    archivePrefix={arXiv},
    primaryClass={cs.CL}
}

@manual{perceptron1960,
    title={MARK I Perceptron Operators' Manual},
    author={John C. Hay and Albert E. Murray},
    year={1960}, month={2},
    organization={Cornell Aeronautical Laboratory, Inc},
    url={https://apps.dtic.mil/dtic/tr/fulltext/u2/236965.pdf},
    address={Buffalo 21, New York}
}

@online {thePerceptron2017,
	title={The Perceptron},
	author={Jonty Sinai},
	year={2017}, month={11},
	url={https://jontysinai.github.io/jekyll/update/2017/11/11/the-perceptron.html},
	urldate={2021-03-16}
}

@article{lstm1997,
    title={Long short-term memory},
    author={Hochreiter, Sepp and Schmidhuber, J{\"u}rgen},
    journal={Neural computation},
    volume={9},
    number={8},
    pages={1735--1780},
    year={1997},
    publisher={MIT Press}
}

@article{resnet2015,
    author    = {Kaiming He and Xiangyu Zhang and Shaoqing Ren and Jian Sun},
    title     = {Deep Residual Learning for Image Recognition},
    journal   = {CoRR},
    volume    = {abs/1512.03385},
    year      = {2015},
    url       = {http://arxiv.org/abs/1512.03385},
    urldate   = {2021-03-17},
    archivePrefix = {arXiv},
    eprint    = {1512.03385},
    timestamp = {Wed, 17 Apr 2019 17:23:45 +0200},
    biburl    = {https://dblp.org/rec/journals/corr/HeZRS15.bib},
    bibsource = {dblp computer science bibliography, https://dblp.org}
}

@article{universalApproximator1989,
    title={Multilayer feedforward networks are universal approximators},
    author={Hornik, Kurt and Stinchcombe, Maxwell and White, Halbert},
    journal={Neural networks},
    volume={2},
    number={5},
    pages={359--366},
    year={1989},
    publisher={Elsevier}
}

@article{inceptionV1_2014,
    author    = {
        Christian Szegedy and Wei Liu and Yangqing Jia and Pierre Sermanet and Scott E. Reed and
        Dragomir Anguelov and Dumitru Erhan and Vincent Vanhoucke and Andrew Rabinovich
    },
    title     = {Going Deeper with Convolutions},
    journal   = {CoRR},
    volume    = {abs/1409.4842},
    year      = {2014},
    url       = {http://arxiv.org/abs/1409.4842},
    archivePrefix = {arXiv},
    eprint    = {1409.4842},
    timestamp = {Mon, 13 Aug 2018 16:48:52 +0200},
    biburl    = {https://dblp.org/rec/journals/corr/SzegedyLJSRAEVR14.bib},
    bibsource = {dblp computer science bibliography, https://dblp.org}
}

@article{inceptionV3_2015,
    author    = {Christian Szegedy and Vincent Vanhoucke and Sergey Ioffe and Jonathon Shlens and Zbigniew Wojna},
    title     = {Rethinking the Inception Architecture for Computer Vision},
    journal   = {CoRR},
    volume    = {abs/1512.00567},
    year      = {2015},
    url       = {http://arxiv.org/abs/1512.00567},
    archivePrefix = {arXiv},
    eprint    = {1512.00567},
    timestamp = {Mon, 13 Aug 2018 16:49:07 +0200},
    biburl    = {https://dblp.org/rec/journals/corr/SzegedyVISW15.bib},
    bibsource = {dblp computer science bibliography, https://dblp.org}
}

@incollection{efficientBackprop2012,
    title={Efficient backprop},
    author={LeCun, Yann A and Bottou, L{\'e}on and Orr, Genevieve B and M{\"u}ller, Klaus-Robert},
    booktitle={Neural networks: Tricks of the trade},
    pages={9--48},
    year={2012},
    publisher={Springer}
}

@inproceedings{relu2011,
    title={Deep sparse rectifier neural networks},
    author={Glorot, Xavier and Bordes, Antoine and Bengio, Yoshua},
    booktitle={Proceedings of the fourteenth international conference on artificial intelligence and statistics},
    pages={315--323},
    year={2011},
    organization={JMLR Workshop and Conference Proceedings}
}

@book{dataDrivenScience2019,
    title={Data-Driven Science and Engineering: Machine Learning, Dynamical Systems, and Control},
    author={Brunton, S.L. and Kutz, J.N.},
    isbn={9781108422093},
    lccn={2018029888},
    url={https://books.google.com.br/books?id=CYaEDwAAQBAJ},
    year={2019},
    publisher={Cambridge University Press}
}

@article{CaffeNetBench2017,
    Title    = {Systematic evaluation of convolution neural network advances on the Imagenet },
    Author   = {Dmytro Mishkin and Nikolay Sergievskiy and Jiri Matas},
    Journal  = {Computer Vision and Image Understanding },
    Year     = {2017},
    Doi      = {https://doi.org/10.1016/j.cviu.2017.05.007},
    ISSN     = {1077-3142},
    Keywords = {CNN},
    Url      = {http://www.sciencedirect.com/science/article/pii/S1077314217300814}
}

@article{prelu2015,
    author    = {Kaiming He and Xiangyu Zhang and Shaoqing Ren and Jian Sun},
    title     = {Delving Deep into Rectifiers: Surpassing Human-Level Performance on
               ImageNet Classification},
    journal   = {CoRR},
    volume    = {abs/1502.01852},
    year      = {2015},
    url       = {http://arxiv.org/abs/1502.01852},
    archivePrefix = {arXiv},
    eprint    = {1502.01852},
    timestamp = {Wed, 17 Apr 2019 17:23:45 +0200},
    biburl    = {https://dblp.org/rec/journals/corr/HeZR015.bib},
    bibsource = {dblp computer science bibliography, https://dblp.org}
}

@article{autoencoder1991,
    title={Nonlinear principal component analysis using autoassociative neural networks},
    author={Kramer, Mark A},
    journal={AIChE journal},
    volume={37},
    number={2},
    pages={233--243},
    year={1991},
    publisher={Wiley Online Library}
}

@misc{tensorflow2015,
    title={ TensorFlow: Large-Scale Machine Learning on Heterogeneous Systems},
    url={https://www.tensorflow.org/},
    note={Software available from tensorflow.org},
    author={
        MartÃ­n Abadi and Ashish Agarwal and Paul Barham and Eugene Brevdo and Zhifeng Chen and
        Craig Citro and Greg S. Corrado and Andy Davis and Jeffrey Dean and Matthieu Devin and
        Sanjay Ghemawat and Ian Goodfellow and Andrew Harp and Geoffrey Irving and Michael Isard and 
        Yangqing Jia and Rafal Jozefowicz and Lukasz Kaiser and Manjunath Kudlur and Josh Levenberg and
        Dandelion Man\'{e} and Rajat Monga and Sherry Moore and Derek Murray and Chris Olah and
        Mike Schuster and Jonathon Shlens and Benoit Steiner and Ilya Sutskever and Kunal Talwar and
        Paul Tucker and Vincent Vanhoucke and Vijay Vasudevan and Fernanda Vi\'{e}gas and
        Oriol Vinyals and Pete Warden and Martin Wattenberg and Martin Wicke and Yuan Yu and
        Xiaoqiang Zheng
    },
    year={2015},
}

@book {calculusIII2016,
	title={Calculus Volume 3},
	url={https://openstax.org/books/calculus-volume-3/pages/1-introduction},
	urldate={2021-03-21},
	author={Gilbert Strang and Edwin "Jed" Herman},
	year={2016},
	month={3},
	day={30},
	publisher={OpenStax}
}

@online {visualizingFeatures2015,
	title={Inceptionism: Going Deeper into Neural Networks},
	author={Alexander Mordvintsev and Christopher Olah and Mike Tyka},
	year={2015}, month={6},
	url={https://ai.googleblog.com/2015/06/inceptionism-going-deeper-into-neural.html},
	urldate={2021-03-21},
	publisher={Google AI Blog}
}

@article{lossSurfaces2014,
  author    = {Anna Choromanska and Mikael Henaff and Micha{\"{e}}l Mathieu and G{\'{e}}rard Ben Arous and Yann LeCun},
  title     = {The Loss Surface of Multilayer Networks},
  journal   = {CoRR},
  volume    = {abs/1412.0233},
  year      = {2014},
  url       = {http://arxiv.org/abs/1412.0233},
  archivePrefix = {arXiv},
  eprint    = {1412.0233},
  timestamp = {Mon, 13 Aug 2018 16:48:26 +0200},
  biburl    = {https://dblp.org/rec/journals/corr/ChoromanskaHMAL14.bib},
  bibsource = {dblp computer science bibliography, https://dblp.org}
}

@InProceedings{networkBias2018,
    title = {Gender Shades: Intersectional Accuracy Disparities in Commercial Gender Classification}, author = {Joy Buolamwini and Timnit Gebru},
    booktitle = {Proceedings of the 1st Conference on Fairness, Accountability and Transparency},
    pages = {77--91},
    year = {2018},
    editor = {Sorelle A. Friedler and Christo Wilson},
    volume = {81},
    series = {Proceedings of Machine Learning Research},
    address = {New York, NY, USA},
    month = {2},
    publisher = {PMLR},
    pdf = {http://proceedings.mlr.press/v81/buolamwini18a/buolamwini18a.pdf},
    url = {http://proceedings.mlr.press/v81/buolamwini18a.html}
}

@inproceedings{debiasingVAE2019,
    author = {Amini, Alexander and Soleimany, Ava P. and Schwarting, Wilko and Bhatia, Sangeeta N. and Rus, Daniela},
    title = {Uncovering and Mitigating Algorithmic Bias through Learned Latent Structure},
    year = {2019},
    isbn = {9781450363242},
    publisher = {Association for Computing Machinery},
    address = {New York, NY, USA},
    url = {https://doi.org/10.1145/3306618.3314243},
    doi = {10.1145/3306618.3314243},
    booktitle = {Proceedings of the 2019 AAAI/ACM Conference on AI, Ethics, and Society},
    pages = {289â295},
    numpages = {7},
    keywords = {facial detection, neural networks, algorithmic bias, deep learning},
    location = {Honolulu, HI, USA},
    series = {AIES '19}
}

@online {amazonBias2018,
	title={Amazon scraps secret AI recruiting tool that showed bias against women},
	author={Jeffrey Dastin},
	year={2018}, month={10},
	url={https://www.reuters.com/article/us-amazon-com-jobs-automation-insight/amazon-scraps-secret-ai-recruiting-tool-that-showed-bias-against-women-idUSKCN1MK08G},
	urldate={2021-03-22},
	publisher={Reuters}
}

@article{optimizers2016,
    author    = {Sebastian Ruder},
    title     = {An overview of gradient descent optimization algorithms},
    journal   = {CoRR},
    volume    = {abs/1609.04747},
    year      = {2016},
    url       = {http://arxiv.org/abs/1609.04747},
    archivePrefix = {arXiv},
    eprint    = {1609.04747},
    timestamp = {Mon, 13 Aug 2018 16:48:10 +0200},
    biburl    = {https://dblp.org/rec/journals/corr/Ruder16.bib},
    bibsource = {dblp computer science bibliography, https://dblp.org}
}

@article{momentumWorks2017,
    author = {Goh, Gabriel},
    title = {Why Momentum Really Works},
    journal = {Distill},
    year = {2017},
    url = {http://distill.pub/2017/momentum},
    urldate = {2021-03-23},
    doi = {10.23915/distill.00006}
}

@article{practical_gradient_recomendations2012,
    author    = {Yoshua Bengio},
    title     = {Practical recommendations for gradient-based training of deep architectures},
    journal   = {CoRR},
    volume    = {abs/1206.5533},
    year      = {2012},
    url       = {http://arxiv.org/abs/1206.5533},
    archivePrefix = {arXiv},
    eprint    = {1206.5533},
    timestamp = {Mon, 13 Aug 2018 16:47:20 +0200},
    biburl    = {https://dblp.org/rec/journals/corr/abs-1206-5533.bib},
    bibsource = {dblp computer science bibliography, https://dblp.org}
}

@article{deconvolutionArtifacts2016,
    author = {Odena, Augustus and Dumoulin, Vincent and Olah, Chris},
    title = {Deconvolution and Checkerboard Artifacts},
    journal = {Distill},
    year = {2016},
    url = {http://distill.pub/2016/deconv-checkerboard},
    urldate = {2021-03-28},
    doi = {10.23915/distill.00003}
}

@article{styleGAN2018,
    author    = {Tero Karras and Samuli Laine and Timo Aila},
    title     = {A Style-Based Generator Architecture for Generative Adversarial Networks},
    journal   = {CoRR},
    volume    = {abs/1812.04948},
    year      = {2018},
    url       = {http://arxiv.org/abs/1812.04948},
    archivePrefix = {arXiv},
    eprint    = {1812.04948},
    timestamp = {Tue, 01 Jan 2019 15:01:25 +0100},
    biburl    = {https://dblp.org/rec/journals/corr/abs-1812-04948.bib},
    bibsource = {dblp computer science bibliography, https://dblp.org}
}

@article{adversarialExamples2013,
    title={Intriguing properties of neural networks},
    author={Szegedy, Christian and Zaremba, Wojciech and Sutskever, Ilya and Bruna, Joan and Erhan, Dumitru and Goodfellow, Ian and Fergus, Rob},
    journal={arXiv preprint arXiv:1312.6199},
    year={2013}
}

@online{automaticColorization2016,
	title={Automatic Colorization},
	author={Ryan Dahl},
	url={https://tinyclouds.org/colorize/},
	urldate={2021-03-31},
}

@article{improvedGANS2016,
    author    = {Tim Salimans and Ian J. Goodfellow and Wojciech Zaremba and Vicki Cheung and Alec Radford and Xi Chen},
    title     = {Improved Techniques for Training GANs},
    journal   = {CoRR},
    volume    = {abs/1606.03498},
    year      = {2016},
    url       = {http://arxiv.org/abs/1606.03498},
    archivePrefix = {arXiv},
    eprint    = {1606.03498},
    timestamp = {Sun, 16 Sep 2018 14:17:04 +0200},
    biburl    = {https://dblp.org/rec/journals/corr/SalimansGZCRC16.bib},
    bibsource = {dblp computer science bibliography, https://dblp.org}
}

@article{wgan-gp2017,
    author    = {Ishaan Gulrajani and Faruk Ahmed and Mart{\'{\i}}n Arjovsky and Vincent Dumoulin and Aaron C. Courville},
    title     = {Improved Training of Wasserstein GANs},
    journal   = {CoRR},
    volume    = {abs/1704.00028},
    year      = {2017},
    url       = {http://arxiv.org/abs/1704.00028},
    archivePrefix = {arXiv},
    eprint    = {1704.00028},
    timestamp = {Mon, 13 Aug 2018 16:47:43 +0200},
    biburl    = {https://dblp.org/rec/journals/corr/GulrajaniAADC17.bib},
    bibsource = {dblp computer science bibliography, https://dblp.org}
}

@article{which_GAN_converge2018,
    author    = {Lars M. Mescheder},
    title     = {Which Training Methods for GANs do actually Converge?},
    journal   = {CoRR},
    volume    = {abs/1801.04406},
    year      = {2018},
    url       = {http://arxiv.org/abs/1801.04406},
    archivePrefix = {arXiv},
    eprint    = {1801.04406},
    timestamp = {Mon, 13 Aug 2018 16:46:00 +0200},
    biburl    = {https://dblp.org/rec/journals/corr/abs-1801-04406.bib},
    bibsource = {dblp computer science bibliography, https://dblp.org}
}

@misc{principled_gan_methods2017,
    title={Towards Principled Methods for Training Generative Adversarial Networks}, 
    author={Martin Arjovsky and LÃ©on Bottou},
    year={2017},
    eprint={1701.04862},
    archivePrefix={arXiv},
    primaryClass={stat.ML}
}

@article{TTUR_FID2017,
    author    = {
        Martin Heusel and Hubert Ramsauer and Thomas Unterthiner
        and Bernhard Nessler and G{\"{u}}nter Klambauer and Sepp Hochreiter
    },
    title     = {GANs Trained by a Two Time-Scale Update Rule Converge to a Nash Equilibrium},
    journal   = {CoRR},
    volume    = {abs/1706.08500},
    year      = {2017},
    url       = {http://arxiv.org/abs/1706.08500},
    archivePrefix = {arXiv},
    eprint    = {1706.08500},
    timestamp = {Sat, 23 Jan 2021 01:20:58 +0100},
    biburl    = {https://dblp.org/rec/journals/corr/HeuselRUNKH17.bib},
    bibsource = {dblp computer science bibliography, https://dblp.org}
}

@online{lipschitz20XX,
    author = {Todd Rowland and Eric W. Weisstein},
    title = {Lipschitz Function},
    url = {https://mathworld.wolfram.com/LipschitzFunction.html},
    urldate = {2021-04-15},
    publisher = {MathWorld -- A Wolfram Web Resource}
}

@article{new_gan_metric_1,
    title = {Synthetic-Neuroscore: Using a neuro-AI interface for evaluating generative adversarial networks},
    journal = {Neurocomputing},
    volume = {405},
    pages = {26-36},
    year = {2020},
    issn = {0925-2312},
    doi = {https://doi.org/10.1016/j.neucom.2020.04.069},
    url = {https://www.sciencedirect.com/science/article/pii/S0925231220306548},
    author = {Zhengwei Wang and Qi She and Alan F. Smeaton and TomÃ¡s E. Ward and Graham Healy},
    keywords = {Neuroscore, Generative adversarial networks, Neuro-AI interface, Brain-computer interface}
}

@misc{new_gan_metric_2,
    title={A Novel Measure to Evaluate Generative Adversarial Networks Based on Direct Analysis of Generated Images}, 
    author={Shuyue Guan and Murray Loew},
    year={2021},
    eprint={2002.12345},
    archivePrefix={arXiv},
    primaryClass={cs.CV}
}

@misc{coursera_IS,
    author="Sharon Zhou",
    title="Inception Score",
    publisher="Coursera",
    url="https://www.coursera.org/lecture/build-better-generative-adversarial-networks-gans/inception-score-HxtYM",
    urldate="2021-04-16"
}

@article{dcgan2015,
    title={Unsupervised representation learning with deep convolutional generative adversarial networks},
    author={Radford, Alec and Metz, Luke and Chintala, Soumith},
    journal={arXiv preprint arXiv:1511.06434},
    year={2015}
}

@InProceedings{flowers2008,
    author       = "Maria-Elena Nilsback and Andrew Zisserman",
    title        = "Automated Flower Classification over a Large Number of Classes",
    booktitle    = "Indian Conference on Computer Vision, Graphics and Image Processing",
    month        = {12},
    year         = "2008"
}

@article{reinforcement_learning1996,
    author    = {Leslie Pack Kaelbling and Michael L. Littman and Andrew W. Moore},
    title     = {Reinforcement Learning: {A} Survey},
    journal   = {CoRR},
    volume    = {cs.AI/9605103},
    year      = {1996},
    url       = {https://arxiv.org/abs/cs/9605103},
    timestamp = {Fri, 10 Jan 2020 12:58:17 +0100},
    biburl    = {https://dblp.org/rec/journals/corr/cs-AI-9605103.bib},
    bibsource = {dblp computer science bibliography, https://dblp.org}
}

@article{semi_supervised2005,
    title={Semi-supervised learning literature survey},
    author={Zhu, Xiaojin Jerry},
    year={2005},
    publisher={University of Wisconsin-Madison Department of Computer Sciences}
}

@incollection{neurocognitron1982,
    title={Neocognitron: A self-organizing neural network model for a mechanism of visual pattern recognition},
    author={Fukushima, Kunihiko and Miyake, Sei},
    booktitle={Competition and cooperation in neural nets},
    pages={267--285},
    year={1982},
    publisher={Springer}
}

@online{gan_asymmetry2018,
    author = {Kyle McDonald},
    title = {How to recognize fake AI-generated images},
    url = {https://kcimc.medium.com/how-to-recognize-fake-ai-generated-images-4d1f6f9a2842},
    urldate = {2021-04-22},
    publisher = {Medium},
    year = {2018},
    month = {12}
}

@inproceedings{inpainting2018,
    title={Generative image inpainting with contextual attention},
    author={Yu, Jiahui and Lin, Zhe and Yang, Jimei and Shen, Xiaohui and Lu, Xin and Huang, Thomas S},
    booktitle={Proceedings of the IEEE conference on computer vision and pattern recognition},
    pages={5505--5514},
    year={2018}
}

@inproceedings{stylegan2,
    title     = {Analyzing and Improving the Image Quality of {StyleGAN}},
    author    = {Tero Karras and Samuli Laine and Miika Aittala and Janne Hellsten and Jaakko Lehtinen and Timo Aila},
    booktitle = {Proc. CVPR},
    year      = {2020}
}

@misc{jukebox2020,
    title={Jukebox: A Generative Model for Music}, 
    author={Prafulla Dhariwal and Heewoo Jun and Christine Payne and Jong Wook Kim and Alec Radford and Ilya Sutskever},
    year={2020},
    eprint={2005.00341},
    archivePrefix={arXiv},
    primaryClass={eess.AS}
}

@article{colorization_gan2018,
    author    = {Kamyar Nazeri and Eric Ng},
    title     = {Image Colorization with Generative Adversarial Networks},
    journal   = {CoRR},
    volume    = {abs/1803.05400},
    year      = {2018},
    url       = {http://arxiv.org/abs/1803.05400},
    archivePrefix = {arXiv},
    eprint    = {1803.05400},
    timestamp = {Mon, 13 Aug 2018 16:48:06 +0200},
    biburl    = {https://dblp.org/rec/journals/corr/abs-1803-05400.bib},
    bibsource = {dblp computer science bibliography, https://dblp.org}
}